<?xml version="1.0" encoding="UTF-8"?>
<record xmlns="http://www.loc.gov/MARC21/slim" xmlns:xsi="http://www.w3.org/2001/XMLSchema-instance" xsi:schemaLocation="http://www.loc.gov/MARC21/slim http://www.loc.gov/standards/marcxml/schema/MARC21slim.xsd">
<leader>00000cam a2200361 a 4500</leader>
<controlfield tag="001">002751097</controlfield>
<controlfield tag="003">NNU</controlfield>
<controlfield tag="005">20150713164456.0</controlfield>
<controlfield tag="008">860502r19641896iq            001 0 ara</controlfield>
<datafield tag="010" ind1=" " ind2=" ">
<subfield code="a">ne 68005066</subfield>
</datafield>
<datafield tag="035" ind1="9" ind2=" ">
<subfield code="a">NYUb10451108</subfield>
</datafield>
<datafield tag="035" ind1=" " ind2=" ">
<subfield code="a">(CStRLIN)NYUG86-B14248</subfield>
</datafield>
<datafield tag="035" ind1=" " ind2=" ">
<subfield code="a">GLIS004511088</subfield>
</datafield>
<datafield tag="040" ind1=" " ind2=" ">
<subfield code="c">NN</subfield>
<subfield code="d">NN</subfield>
<subfield code="d">NNU</subfield>
</datafield>
<datafield tag="050" ind1=" " ind2="0">
<subfield code="a">BX152</subfield>
<subfield code="b">.G57 1964</subfield>
</datafield>
<datafield tag="090" ind1=" " ind2=" ">
<subfield code="a">BX152</subfield>
<subfield code="b">.G57 1964</subfield>
<subfield code="i">05/06/86 CT</subfield>
</datafield>
<datafield tag="100" ind1="0" ind2=" ">
<subfield code="6">880-01</subfield>
<subfield code="a">Mārī ibn Sulaymān,</subfield>
<subfield code="d">active 12th century.</subfield>
</datafield>
<datafield tag="240" ind1="1" ind2="0">
<subfield code="6">880-02</subfield>
<subfield code="a">Mijdal lil-istibṣār wa-al-jadal.</subfield>
<subfield code="k">Selections</subfield>
</datafield>
<datafield tag="245" ind1="1" ind2="0">
<subfield code="6">880-03</subfield>
<subfield code="a">Akhbār faṭārikat kursī al-Mashriq :</subfield>
<subfield code="b">min kitāb al-Mijdal /</subfield>
<subfield code="c">li-Mārī ibn Sulaymān.</subfield>
</datafield>
<datafield tag="246" ind1="1" ind2="5">
<subfield code="a">Maris Amri et Slibae de patriarchis Nestorianorum commentaria</subfield>
</datafield>
<datafield tag="246" ind1="1" ind2="4">
<subfield code="6">880-04</subfield>
<subfield code="a">Akhbār baṭārikat kursī al-Mashriq</subfield>
</datafield>
<datafield tag="260" ind1=" " ind2=" ">
<subfield code="6">880-05</subfield>
<subfield code="a">[Baghdād :</subfield>
<subfield code="b">Maktabat al-Muthanná,</subfield>
<subfield code="c">1964?]</subfield>
</datafield>
<datafield tag="300" ind1=" " ind2=" ">
<subfield code="a">2 v.</subfield>
<subfield code="c">25 cm.</subfield>
</datafield>
<datafield tag="500" ind1=" " ind2=" ">
<subfield code="a">Each vol. has also t. p. in Arabic with title Akhbār faṭārikat kursī al-Mashriq :min kitāb al-Mijda.</subfield>
</datafield>
<datafield tag="500" ind1=" " ind2=" ">
<subfield code="a">Comprises an extract from Mārīʼs theological encyclopedia al-Mijdal lil-istibṣār wa-al-jadal, and an extract from Ṣalībāʼs adaptation of Amrʼs Kitāb al-Mijdal, most of which is lost.</subfield>
</datafield>
<datafield tag="500" ind1=" " ind2=" ">
<subfield code="a">Photoreproduction of the Arabic text; the Latin translation has been omitted from this ed.</subfield>
</datafield>
<datafield tag="505" ind1="0" ind2=" ">
<subfield code="a">Pars prior. Maris textus Arabicus. 1899. -- pars altera. Amri et Slibae textus. 1896.</subfield>
</datafield>
<datafield tag="610" ind1="2" ind2="0">
<subfield code="a">Assyrian Church of the East</subfield>
<subfield code="x">History.</subfield>
</datafield>
<datafield tag="700" ind1="0" ind2=" ">
<subfield code="a">Ṣalībā ibn Yūḥannā,</subfield>
<subfield code="d">17th cent.</subfield>
<subfield code="t">Mijdal.</subfield>
<subfield code="f">1964.</subfield>
</datafield>
<datafield tag="700" ind1="0" ind2=" ">
<subfield code="a">Gismondi, Enrico,</subfield>
<subfield code="d">1850-1912.</subfield>
</datafield>
<datafield tag="700" ind1="0" ind2=" ">
<subfield code="6">880-06</subfield>
<subfield code="a">ʻAmr ibn Mattá,</subfield>
<subfield code="d">active 14th century.</subfield>
<subfield code="t">Mijdal.</subfield>
</datafield>
<datafield tag="700" ind1="0" ind2=" ">
<subfield code="6">880-07</subfield>
<subfield code="a">Ṣalībā ibn Yūḥannā,</subfield>
<subfield code="d">active 17th century.</subfield>
</datafield>
<datafield tag="880" ind1="0" ind2=" ">
<subfield code="6">100-01/</subfield>
<subfield code="a">ماري بن سليمان،</subfield>
<subfield code="d">active 12th century.</subfield>
</datafield>
<datafield tag="880" ind1="1" ind2="0">
<subfield code="6">240-02/</subfield>
<subfield code="a">مجدل للاستبصار والجدل.</subfield>
<subfield code="k">مختارات</subfield>
</datafield>
<datafield tag="880" ind1="1" ind2="0">
<subfield code="6">245-03/</subfield>
<subfield code="a">أخبار فطاركة كرسي المشرق :</subfield>
<subfield code="b">من كتاب المجدل /</subfield>
<subfield code="c">لماري بن سليمان.</subfield>
</datafield>
<datafield tag="880" ind1="1" ind2="4">
<subfield code="6">246-04/</subfield>
<subfield code="a">أخبار بطاركة كرسي المشرق</subfield>
</datafield>
<datafield tag="880" ind1=" " ind2=" ">
<subfield code="6">260-05/</subfield>
<subfield code="a">[بغداد :</subfield>
<subfield code="b">مكتبة المثنى،</subfield>
<subfield code="c">1964؟]</subfield>
</datafield>
<datafield tag="880" ind1="0" ind2=" ">
<subfield code="6">700-06/</subfield>
<subfield code="a">عمر بن متى،</subfield>
<subfield code="d">active 14th century.</subfield>
<subfield code="t">مجدل.</subfield>
</datafield>
<datafield tag="880" ind1="0" ind2=" ">
<subfield code="6">700-07/</subfield>
<subfield code="a">صليبا بن يوحنا،</subfield>
<subfield code="d">active 17th century.</subfield>
</datafield>
<datafield tag="OWN" ind1=" " ind2=" ">
<subfield code="a">GENERAL</subfield>
</datafield>
<datafield tag="AVA" ind1=" " ind2=" ">
<subfield code="a">NYU50</subfield>
<subfield code="b">BOBST</subfield>
<subfield code="c">Main Collection</subfield>
<subfield code="d">BX152 .G57 1964</subfield>
<subfield code="e">unavailable</subfield>
<subfield code="t">Unavailable</subfield>
<subfield code="f">2</subfield>
<subfield code="g">2</subfield>
<subfield code="h">Y</subfield>
<subfield code="i">1</subfield>
<subfield code="j">MAIN</subfield>
<subfield code="k">0</subfield>
</datafield>
</record>
